@MISC{usa,
title = {Wiretapping's Fuzzy Future},
howpublished = {\url{http://www.forbes.com/2008/05/15/wiretapping-voip-lichtblau-tech-security08-cx_ag_0515wiretap.html/}},
note = {Accessed: \today}}                  

@MISC{korea,
title = {South Korean Telcos Get OK to Charge Extra for Mobile VOIP Apps},
howpublished = {\url{http://www.pcworld.com/article/258650/south_korean_telcos_get_ok_to_charge_extra_for_mobile_voip_apps.html}},
note = {Accessed: \today}}

@MISC{omen,
title = {Oman cuffs 212 for selling VoIP calls},
howpublished = {\url{http://www.theregister.co.uk/2009/11/20/oman_and_voip/}},
note = {Accessed: \today}}

@MISC{airtel,
title = {Airtel to charge for voip calls},
howpublished = {\url{http://www.gsmarena.com/bharti_airtel_to_charge_for_voip_calls_over_2g_and_3g_in_india-news-10574.php}},
note = {Accessed: \today}}

@MISC{rip:manifesto,
title = {Rip! A Remix Manifesto},
howpublished = {\url{http://creativegeneralist.com/2009/03/rip-a-remix-manifesto/}},
note = {Accessed: \today}}

@MISC{clker:ocal,
title = {Ocal's profile},
howpublished = {\url{http://www.clker.com/profile-1068.html}},
note = {Accessed: \today}}

@MISC{voip:ata,
title = {ATA},
howpublished = {\url{http://www.voip-info.org/wiki/view/ATA}},
note = {Accessed: \today}}

@MISC{twinkle:website,
title = {Twinkle: SIP softphone for Linux},
howpublished = {\url{http://twinklephone.com/}},
note = {Accessed: \today}}

@MISC{rfc:sip,
title = {rfc3261},
howpublished = {\url{https://www.ietf.org/rfc/rfc3261.txt}},
note = {Accessed: \today}}

@MISC{voip:rfc,
title = {RFC},
howpublished = {\url{http://www.voip-info.org/wiki/view/RFC}},
note = {Accessed: \today}}

@MISC{voip:whatis,
title = {What is VOIP},
howpublished = {\url{http://www.voip-info.org/wiki/view/What+is+VOIP}},
note = {Accessed: \today}}

@MISC{bluebox:sarts,
title = {The SARTS technical journal},
howpublished = {\url{http://www.nerdnetworks.org/sarts/}},
note = {Accessed: \today}}

@MISC{bluebox:documentary,
title = {History of Hacking},
howpublished = {\url{https://www.youtube.com/watch?v=jnI0ndIF6BI}},
note = {Accessed: \today}
}
